<record><leader>00000cas a22000007a 4500</leader><controlfield tag="001">31942736</controlfield><controlfield tag="008">950206d18961897vaudr ne      0    0eng d</controlfield><datafield ind1=" " ind2=" " tag="010"><subfield code="a">sn 95079504 </subfield></datafield><datafield ind1=" " ind2=" " tag="040"><subfield code="a">NVK</subfield><subfield code="b">eng</subfield><subfield code="c">NVK</subfield><subfield code="d">OCLCQ</subfield><subfield code="d">NVK</subfield><subfield code="d">OCLCQ</subfield><subfield code="d">OCLCF</subfield><subfield code="d">OCLCO</subfield></datafield><datafield ind1=" " ind2=" " tag="042"><subfield code="a">msc</subfield></datafield><datafield ind1=" " ind2=" " tag="043"><subfield code="a">n-us-va</subfield></datafield><datafield ind1="0" ind2=" " tag="130"><subfield code="a">Daily item (Winchester, Va.)</subfield></datafield><datafield ind1="1" ind2="4" tag="245"><subfield code="a">The Daily item.</subfield></datafield><datafield ind1=" " ind2=" " tag="260"><subfield code="a">Winchester, Va. :</subfield><subfield code="b">Bernard A. Wade,</subfield><subfield code="c">-1897.</subfield></datafield><datafield ind1=" " ind2=" " tag="300"><subfield code="a">v.</subfield></datafield><datafield ind1=" " ind2=" " tag="310"><subfield code="a">Daily (except Sun.)</subfield></datafield><datafield ind1="1" ind2=" " tag="362"><subfield code="a">Began in 1896.</subfield></datafield><datafield ind1="0" ind2=" " tag="362"><subfield code="a">-v. 3, no. 64 (Mar. 27, 1897).</subfield></datafield><datafield ind1=" " ind2=" " tag="588"><subfield code="a">Description based on: Vol. 2, no. 160 (July. 16, 1896).</subfield></datafield><datafield ind1=" " ind2="0" tag="651"><subfield code="a">Winchester (Va.)</subfield><subfield code="v">Newspapers.</subfield></datafield><datafield ind1=" " ind2="7" tag="655"><subfield code="a">Newspapers.</subfield><subfield code="2">fast</subfield><subfield code="0">(OCoLC)fst01423814</subfield></datafield><datafield ind1=" " ind2="7" tag="651"><subfield code="a">Virginia</subfield><subfield code="z">Winchester.</subfield><subfield code="2">fast</subfield><subfield code="0">(OCoLC)fst01202730</subfield></datafield><datafield ind1=" " ind2=" " tag="752"><subfield code="a">United States</subfield><subfield code="b">Virginia</subfield><subfield code="d">Winchester.</subfield></datafield><datafield ind1="0" ind2="0" tag="780"><subfield code="t">Item (Winchester, Va.)</subfield><subfield code="w">(DLC)sn 99063000</subfield></datafield><datafield ind1="0" ind2="7" tag="785"><subfield code="t">Winchester news (Winchester, Va.)</subfield><subfield code="w">(DLC)sn 85025364</subfield></datafield><datafield ind1="0" ind2="7" tag="785"><subfield code="t">Evening news-item (Winchester, Va.)</subfield><subfield code="w">(DLC)sn 95079043</subfield></datafield></record>